<?xml version="1.0" encoding="UTF-8"?><record xmlns="http://www.loc.gov/MARC21/slim" xmlns:cinclude="http://apache.org/cocoon/include/1.0" xmlns:zs="http://www.loc.gov/zing/srw/">
  <leader>00439cz  a2200133n  4500</leader>
  <controlfield tag="001">n  89620870 </controlfield>
  <controlfield tag="003">DLC</controlfield>
  <controlfield tag="005">19890911115914.0</controlfield>
  <controlfield tag="008">890407n| acannaab|          |a aad |||  </controlfield>
  <datafield tag="010" ind1=" " ind2=" ">
    <subfield code="a">n  89620870 </subfield>
  </datafield>
  <datafield tag="040" ind1=" " ind2=" ">
    <subfield code="a">DLC</subfield>
    <subfield code="c">DLC</subfield>
    <subfield code="d">DLC</subfield>
  </datafield>
  <datafield tag="100" ind1="1" ind2="0">
    <subfield code="a">Shvet︠s︡ov, S.</subfield>
    <subfield code="q">(Stepan)</subfield>
  </datafield>
  <datafield tag="400" ind1="1" ind2="0">
    <subfield code="a">Shvet︠s︡ov, Stepan</subfield>
  </datafield>
  <datafield tag="670" ind1=" " ind2=" ">
    <subfield code="a">nuc89-38124: His Na vysokom donskom beregu, 1982</subfield>
    <subfield code="b">(hdg. on CU rept.: Shvet︠s︡ov, Stepan Dmitrievich; usage: S. Shvet︠s︡ov)</subfield>
  </datafield>
</record>